% This file was created with JabRef 2.7.2.
% Encoding: UTF8

@INPROCEEDINGS{Bala2000,
  author = {Bala, Vasanth and Duesterwald, Evelyn and Banerjia, Sanjeev},
  title = {Dynamo: a transparent dynamic optimization system},
  booktitle = {Proceedings of the ACM SIGPLAN 2000 conference on Programming language
	design and implementation},
  year = {2000},
  series = {PLDI '00},
  pages = {1--12},
  address = {New York, NY, USA},
  publisher = {ACM},
  acmid = {349303},
  doi = {10.1145/349299.349303},
  isbn = {1-58113-199-2},
  location = {Vancouver, British Columbia, Canada},
  numpages = {12},
  url = {http://doi.acm.org/10.1145/349299.349303}
}

@INPROCEEDINGS{Luk2005,
  author = {Luk, Chi-Keung and Cohn, Robert and Muth, Robert and Patil, Harish
	and Klauser, Artur and Lowney, Geoff and Wallace, Steven and Reddi,
	Vijay Janapa and Hazelwood, Kim},
  title = {Pin: building customized program analysis tools with dynamic instrumentation},
  booktitle = {Proceedings of the 2005 ACM SIGPLAN conference on Programming language
	design and implementation},
  year = {2005},
  series = {PLDI '05},
  pages = {190--200},
  address = {New York, NY, USA},
  publisher = {ACM},
  acmid = {1065034},
  doi = {10.1145/1065010.1065034},
  isbn = {1-59593-056-6},
  keywords = {dynamic compilation, instrumentation, program analysis tools},
  location = {Chicago, IL, USA},
  numpages = {11},
  url = {http://doi.acm.org/10.1145/1065010.1065034}
}

@BOOK{Smith2005,
  title = {Virtual machines: versatile platforms for systems and processes},
  publisher = {Morgan Kaufmann},
  year = {2005},
  author = {Smith, J. and Nair, R.}
}

@INPROCEEDINGS{Sridhar2006,
  author = {Sridhar, Swaroop and Shapiro, Jonathan S. and Northup, Eric and Bungale,
	Prashanth P.},
  title = {HDTrans: an open source, low-level dynamic instrumentation system},
  booktitle = {Proceedings of the 2nd international conference on Virtual execution
	environments},
  year = {2006},
  series = {VEE '06},
  pages = {175--185},
  address = {New York, NY, USA},
  publisher = {ACM},
  __markedentry = {[anderson:]},
  acmid = {1220166},
  doi = {10.1145/1134760.1220166},
  isbn = {1-59593-332-8},
  keywords = {binary translation, dynamic instrumentation, dynamic translation},
  location = {Ottawa, Ontario, Canada},
  numpages = {11},
  url = {http://doi.acm.org/10.1145/1134760.1220166}
}

@comment{jabref-meta: selector_review:}

@comment{jabref-meta: selector_publisher:}

@comment{jabref-meta: selector_author:}

@comment{jabref-meta: selector_journal:}

@comment{jabref-meta: selector_keywords:}

